<record><leader>00000cas a2200000 a 4500</leader><controlfield tag="001">34798887</controlfield><controlfield tag="008">960529d18761882miuwr ne      0    0eng c</controlfield><datafield ind1=" " ind2=" " tag="010"><subfield code="a">sn 96076657 </subfield></datafield><datafield ind1=" " ind2=" " tag="040"><subfield code="a">MHN</subfield><subfield code="b">eng</subfield><subfield code="c">MHN</subfield><subfield code="d">OCL</subfield><subfield code="d">OCLCQ</subfield><subfield code="d">OCLCF</subfield><subfield code="d">OCLCO</subfield></datafield><datafield ind1="1" ind2=" " tag="029"><subfield code="a">AU@</subfield><subfield code="b">000012500935</subfield></datafield><datafield ind1=" " ind2=" " tag="042"><subfield code="a">pcc</subfield></datafield><datafield ind1=" " ind2=" " tag="043"><subfield code="a">n-us-mi</subfield></datafield><datafield ind1="0" ind2="0" tag="245"><subfield code="a">Pioneer-magnet.</subfield></datafield><datafield ind1=" " ind2=" " tag="260"><subfield code="a">Big Rapids, Mich. :</subfield><subfield code="b">Pioneer-Magnet Print. Co.</subfield></datafield><datafield ind1=" " ind2=" " tag="300"><subfield code="a">v.</subfield></datafield><datafield ind1=" " ind2=" " tag="310"><subfield code="a">Weekly</subfield></datafield><datafield ind1="0" ind2=" " tag="362"><subfield code="a">Vol. 14, no. 49 (Nov. 16, 1876)-v. 20, (Apr. 20, 1882) = whole no. 725-whole no. 1008.</subfield></datafield><datafield ind1=" " ind2=" " tag="515"><subfield code="a">Internal numbering designation dropped: Vol. 19 (Jan. 6, 1881) = whole no. 941.</subfield></datafield><datafield ind1=" " ind2=" " tag="580"><subfield code="a">Formed by the union of: Big Rapids pioneer (Big Rapids, Mich. : 1874), and: Big Rapids magnet.</subfield></datafield><datafield ind1=" " ind2="0" tag="651"><subfield code="a">Big Rapids (Mich.)</subfield><subfield code="v">Newspapers.</subfield></datafield><datafield ind1=" " ind2="0" tag="651"><subfield code="a">Mecosta County (Mich.)</subfield><subfield code="v">Newspapers.</subfield></datafield><datafield ind1=" " ind2="7" tag="655"><subfield code="a">Newspapers.</subfield><subfield code="2">fast</subfield><subfield code="0">(OCoLC)fst01423814</subfield></datafield><datafield ind1=" " ind2="7" tag="651"><subfield code="a">Michigan</subfield><subfield code="z">Big Rapids.</subfield><subfield code="2">fast</subfield><subfield code="0">(OCoLC)fst01216371</subfield></datafield><datafield ind1=" " ind2="7" tag="651"><subfield code="a">Michigan</subfield><subfield code="z">Mecosta County.</subfield><subfield code="2">fast</subfield><subfield code="0">(OCoLC)fst01214742</subfield></datafield><datafield ind1=" " ind2=" " tag="752"><subfield code="a">United States</subfield><subfield code="b">Michigan</subfield><subfield code="c">Mecosta</subfield><subfield code="d">Big Rapids.</subfield></datafield><datafield ind1="1" ind2="4" tag="780"><subfield code="t">Big Rapids pioneer (Big Rapids, Mich. : 1874)</subfield><subfield code="w">(DLC)sn 85026427</subfield><subfield code="w">(OCoLC)12220878</subfield></datafield><datafield ind1="1" ind2="4" tag="780"><subfield code="t">Big Rapids magnet</subfield><subfield code="w">(DLC)sn 85033572</subfield><subfield code="w">(OCoLC)12062308</subfield></datafield><datafield ind1="0" ind2="0" tag="785"><subfield code="t">Big Rapids pioneer (Big Rapids, Mich. : 1882)</subfield><subfield code="w">(DLC)sn 96076659</subfield><subfield code="w">(OCoLC)34798988</subfield></datafield></record>